@book{raschka2019python,
  title={Python machine learning: Machine learning and deep learning with Python, scikit-learn, and TensorFlow 2},
  author={Raschka, Sebastian and Mirjalili, Vahid},
  year={2019},
  publisher={Packt Publishing Ltd}
}

@book{geron2022hands,
  title={Hands-on machine learning with Scikit-Learn, Keras, and TensorFlow},
  author={G{\'e}ron, Aur{\'e}lien},
  year={2022},
  publisher={" O'Reilly Media, Inc."}
}

@book{mueller2021machine,
  title={Machine learning for dummies},
  author={Mueller, John Paul and Massaron, Luca},
  year={2021},
  publisher={John Wiley \& Sons}
}

@article{marks2021young,
  title={Young people's voices on climate anxiety, government betrayal and moral injury: A global phenomenon},
  author={Marks, Elizabeth and Hickman, Caroline and Pihkala, Panu and Clayton, Susan and Lewandowski, Eric R and Mayall, Elouise E and Wray, Britt and Mellor, Catriona and van Susteren, Lise},
  journal={Government betrayal and moral injury: A global phenomenon},
  year={2021}
}

@article{faz2023wind,
  author={Johannes Winterhagen},
  title={Fünf am Tag},
  journaltitle={Franfurter Allgemeine Zeitung},
  date={2023-03-14},
  pages={Technik und Motor}
}

@article{faz2023waermepumpe,
  author={Marcus Theurer, Dennis Kremer},
  title={Wie kriege ich mein Haus kalt?},
  journaltitle={Franfurter Allgemeine Zeitung},
  date={2023-07-16},
  pages={Wert und Wohnen}
}

@article{faz2023stromnetz,
  author={Andreas Frey},
  title={Eine Frage der Verteilung},
  journaltitle={Franfurter Allgemeine Zeitung},
  date={2023-07-09},
  pages={Wissenschaft}
}

@online{ws:smard,
  author={Bundesnetzagentur},
  title={Stromerzeugung und -verbrauch in Deutschland},
  url={https://www.smard.de/home/marktdaten},  
  note={Zugegriffen am 20.03.2023},
}

@online{ws:tagesschau,
  author={tagesschau.de},
  title={Spitzenrunde bekräftigt 2030-Ziel für E-Autos},
  url={https://www.tagesschau.de/inland/spitzenrunde-mobilitaet-e-autos-101.html},  
  note={Aktualisiert am 10.01.2023, Zugegriffen am 25.03.2023},
}

@online{ws:bundesregierung,
  author={bundesregierung.de},
  title={Mit Wärmepumpen Tempo machen für die Klimawende},
  url={https://www.bundesregierung.de/breg-de/aktuelles/kanzler-viessmann-2070096#:~:text=W%C3%A4rmepumpen%20k%C3%B6nnen%20sowohl%20Alt%2D%20als%20auch%20Neubauten%20klimafreundlich%20beheizen.&text=Die%20Bundesregierung%20hat%20sich%20das,weniger%20Treibhausgas%2DEmissionen%20zu%20verursachen.},  
  note={Aktualisiert am 16.11.2022, Zugegriffen am 26.03.2023},
}

@online{ws:bmwk,
  author={bmwk.de},
  title={Unser Strommarkt für die Energiewende},
  url={https://www.bmwk.de/Redaktion/DE/Dossier/strommarkt-der-zukunft.html#:~:text=Aufgrund%20der%20zunehmenden%20Elektrifizierung%20in,2045%20wurde%20im%20Energiewirtschaftsgesetz%20verankert.},  
  note={Zugegriffen am 30.03.2023},
}

@online{ws:destatis,
  author={Statistisches Bundesamt},
  title={2,2 Millionen Photovoltaik-Anlagen in Deutschland installiert},
  url={https://www.destatis.de/DE/Presse/Pressemitteilungen/2022/06/PD22_N037_43.html#:~:text=2020%20hatten%20etwa%201%2C4,Jahr%20der%20Erhebung%20dieser%20Angabe.},  
  note={Aktualisiert am 21. Juni 2022, Zugegriffen am 30.03.2023},
}

@online{meyerburger,
  author={Meyer Burger},
  title={Solarmodul White Datenblatt},
  url={https://www.meyerburger.com/fileadmin/user_upload/PDFs/Produktdatenblaetter/DE/DS_Meyer_Burger_White_de.pdf},  
  note={Zugegriffen am 23.06.2023},
}

@online{pic:wikipedia,
  author={Wikipedia Commons},
  title={Wolkentypen},
  url={https://commons.wikimedia.org/w/index.php?search=cloud+types&title=Special:MediaSearch&go=Go&type=image},  
  note={Zugegriffen am 19.05.2023},
}

@online{ws:dwd,
  author={Deutscher Wetterdienst},
  title={Die Schichten der Atmosphäre},
  url={https://www.dwd.de/DE/wetter/thema_des_tages/2020/11/6.html},  
  note={Aktualisiert am 06.11.2020, Zugegriffen am 13.04.2023},
}

@online{ws:meteoschweiz,
  author={Bundesamt für Meteorologie und Klimatologie MeteoSchweiz},
  title={Temperaturabnahme mit der Höhe},
  url={https://www.meteoschweiz.admin.ch/wetter/wetter-und-klima-von-a-bis-z/temperatur/temperaturabnahme-mit-der-hoehe.html#:~:text=Aufsteigende%20warme%20Luft%20k%C3%BChlt%20ab,die%20aufsteigende%20Luft%20immer%20k%C3%BChler.},  
  note={Zugegriffen am 17.04.2023},
}

@online{ws:vitalflux,
  author={vitalflux.com},
  title={Correlation Concepts, Matrix and Heatmap using Seaborn},
  url={https://vitalflux.com/correlation-heatmap-with-seaborn-pandas/},  
  note={Aktualisiert am 16.04.2022, Zugegriffen am 14.05.2023},
}

@online{ws:scikit,
  author={scikit-learn.org},
  title={Decision Tree Regression Documentation},
  url={https://scikit-learn.org/stable/modules/generated/sklearn.tree.DecisionTreeRegressor.html},  
  note={Zugegriffen am 02.05.2023},
}

@online{ws:statologie,
  author={statologie.de},
  title={Was sind Residuen in der Statistik?},
  url={https://statologie.de/residuen/},  
  note={Zugegriffen am 04.06.2023},
}

@online{ws:dwdweatherstations,
  author={dwd.de},
  title={Stationsliste der 83 Messstationen},
  url={https://www.dwd.de/DE/leistungen/klimadatendeutschland/stationsuebersicht.html#:~:text=Wetter%20und%20Klima%20%2D%20Deutscher%20Wetterdienst,83%20Messstationen%20(nach%20Stationsname%20sortiert)},  
  note={Zugegriffen am 27.06.2023},
}

@online{pic:googlemaps,
  author={Google Maps},
  title={Dredimensionale Ansicht der PV-Anlage 1200},
  url={{https://www.google.com/maps/place/1739+W+Nursery+Rd,+Linthicum+Heights,+MD+21090,+USA/@39.1957005,-76.6815477,201m/data=!3m1!1e3!4m6!3m5!1s0x89b7e28c89326b8b:0xbf3ac3b4e494e552!8m2!3d39.1958527!4d-76.6804761!16s%2Fg%2F11bw40qz24?entry=ttu}},  
  note={Zugegriffen am 06.07.2023},
}